<record><leader>00000cas a22000007a 4500</leader><controlfield tag="001">15112555</controlfield><controlfield tag="008">870126d19131923inuwr ne      0    0eng d</controlfield><datafield ind1=" " ind2=" " tag="010"><subfield code="a">sn 87055118 </subfield></datafield><datafield ind1=" " ind2=" " tag="040"><subfield code="a">NPI</subfield><subfield code="b">eng</subfield><subfield code="c">NPI</subfield><subfield code="d">OCLCQ</subfield><subfield code="d">IUL</subfield><subfield code="d">OCLCF</subfield></datafield><datafield ind1=" " ind2=" " tag="042"><subfield code="a">msc</subfield></datafield><datafield ind1=" " ind2=" " tag="043"><subfield code="a">n-us-in</subfield></datafield><datafield ind1="0" ind2=" " tag="130"><subfield code="a">Sun (Rochester, Ind.)</subfield></datafield><datafield ind1="1" ind2="4" tag="245"><subfield code="a">The sun.</subfield></datafield><datafield ind1="3" ind2="0" tag="246"><subfield code="a">Fulton County sun</subfield></datafield><datafield ind1=" " ind2=" " tag="260"><subfield code="a">Rochester, Ind. :</subfield><subfield code="b">Van Trump Co.,</subfield><subfield code="c">1913-1923.</subfield></datafield><datafield ind1=" " ind2=" " tag="310"><subfield code="a">Weekly</subfield></datafield><datafield ind1="1" ind2=" " tag="362"><subfield code="a">Ceased in Oct. 1923.</subfield></datafield><datafield ind1="0" ind2=" " tag="362"><subfield code="a">New ser. vol. 1, no. 1 (Jan. 9, 1913)-v. 2, no. 229 (Sept. 29, 1923).</subfield></datafield><datafield ind1=" " ind2=" " tag="500"><subfield code="a">"Fulton County" is in title ornament, Jan. 9, 1913-&lt;Oct. 9, 1919&gt;.</subfield></datafield><datafield ind1=" " ind2=" " tag="515"><subfield code="a">Numbering irregular; called also old ser., &lt;Sept. 29, 1923&gt;.</subfield></datafield><datafield ind1=" " ind2="0" tag="651"><subfield code="a">Kewanna (Ind.)</subfield><subfield code="v">Newspapers.</subfield></datafield><datafield ind1=" " ind2="0" tag="651"><subfield code="a">Fulton County (Ind.)</subfield><subfield code="v">Newspapers.</subfield></datafield><datafield ind1=" " ind2="7" tag="651"><subfield code="a">Indiana</subfield><subfield code="z">Fulton County.</subfield><subfield code="2">fast</subfield><subfield code="0">(OCoLC)fst01204173</subfield></datafield><datafield ind1=" " ind2="7" tag="651"><subfield code="a">Indiana</subfield><subfield code="z">Kewanna.</subfield><subfield code="2">fast</subfield><subfield code="0">(OCoLC)fst01261269</subfield></datafield><datafield ind1=" " ind2="7" tag="655"><subfield code="a">Newspapers.</subfield><subfield code="2">fast</subfield><subfield code="0">(OCoLC)fst01423814</subfield></datafield><datafield ind1=" " ind2=" " tag="752"><subfield code="a">United States</subfield><subfield code="b">Indiana</subfield><subfield code="c">Fulton</subfield><subfield code="d">Rochester.</subfield></datafield><datafield ind1="0" ind2="0" tag="780"><subfield code="t">Kewanna herald (Kewanna, Ind. : 1883)</subfield><subfield code="w">(DLC)sn 87055095</subfield><subfield code="w">(OCoLC)15112984</subfield></datafield><datafield ind1="0" ind2="7" tag="785"><subfield code="t">Rochester daily Republican (Rochester, Ind. : 1886)</subfield><subfield code="w">(DLC)sn 87055120</subfield><subfield code="w">(OCoLC)15112345</subfield></datafield><datafield ind1="0" ind2="7" tag="785"><subfield code="t">Combined sun and Republican</subfield><subfield code="w">(DLC)sn 87055376</subfield><subfield code="w">(OCoLC)15539273</subfield></datafield></record>